@misc{scaaronson,
    title = {Introduction to quantum information science, {UT} {A}ustin},
    author = {Scott Aaronson},
    comment = {Lecture notes},
    url = {https://www.scottaaronson.com/qclec/6.pdf},
    note = {URL \url{https://www.scottaaronson.com/qclec/11.pdf}}
}

@misc{plank,
    title = {{University of Tennessee CS302 lecture notes}},
    author = {James S. Plank},
    url = {http://web.eecs.utk.edu/~jplank/plank/classes/cs302/Notes/NP/}
}

@misc{shabani,
    title = {Getting started with {Python} and {Qiskit}},
    author = {Javad Shabani},
    url = {https://wp.nyu.edu/shabanilab/courses/qiskit/}
}

@misc{javadi,
    title = {Hidden Shift {iPython} notebook and {Qiskit} code},
    author = {Ali Javadi},
    url = {https://github.com/ajavadia/qiskit-terra/blob/Demo/demo/Hidden_Shift_Bent.ipynb},
    note = {URL \url{https://github.com/ajavadia/qiskit-terra/blob/Demo/demo/python/hidden_shift.py}}
}

@book{rieffel&polak,
    author = {Eleanor G. Rieffel and Wolfgang H. Polak},
    title = {Quantum computing: A gentle introduction},
    publisher = {MIT Press},
    year = {2014}
    
}

@Book{sakurai,
  title     = {Modern quantum mechanics},
  publisher = {Addison-Wesley},
  author    = {J.~J. Sakurai and Jim Napolitano},
  year      = {1994},
  edition   = {Second},
  isbn      = {9780805382914},
}

@article{entanglement-review,
  title = {Quantum entanglement},
  author = {Horodecki, Ryszard and Horodecki, Pawe\l{} and Horodecki, Micha\l{} and Horodecki, Karol},
  journal = {Rev. Mod. Phys.},
  volume = {81},
  issue = {2},
  pages = {865--942},
  numpages = {0},
  year = {2009},
  month = {Jun},
  publisher = {American Physical Society},
  doi = {10.1103/RevModPhys.81.865},
  url = {https://link.aps.org/doi/10.1103/RevModPhys.81.865}
}

@article{vidal,
  title = {Irreversibility in Asymptotic Manipulations of Entanglement},
  author = {Vidal, G. and Cirac, J. I.},
  journal = {Phys. Rev. Lett.},
  volume = {86},
  issue = {25},
  pages = {5803--5806},
  numpages = {0},
  year = {2001},
  month = {Jun},
  publisher = {American Physical Society},
  doi = {10.1103/PhysRevLett.86.5803},
  url = {https://link.aps.org/doi/10.1103/PhysRevLett.86.5803}
}

@article{volbrecht,
  title = {Irreversibility of entanglement distillation for a class of symmetric states},
  author = {Vollbrecht, Karl Gerd H. and Werner, Reinhard F. and Wolf, Michael M.},
  journal = {Phys. Rev. A},
  volume = {69},
  issue = {6},
  pages = {062304},
  numpages = {5},
  year = {2004},
  month = {Jun},
  publisher = {American Physical Society},
  doi = {10.1103/PhysRevA.69.062304},
  url = {https://link.aps.org/doi/10.1103/PhysRevA.69.062304}
}

@article{horodecki,
  title = {Mixed-State Entanglement and Distillation: Is there a ``Bound'' Entanglement in Nature?},
  author = {Horodecki, Micha\l{} and Horodecki, Pawe\l{} and Horodecki, Ryszard},
  journal = {Phys. Rev. Lett.},
  volume = {80},
  issue = {24},
  pages = {5239--5242},
  numpages = {0},
  year = {1998},
  month = {Jun},
  publisher = {American Physical Society},
  doi = {10.1103/PhysRevLett.80.5239},
  url = {https://link.aps.org/doi/10.1103/PhysRevLett.80.5239}
}

@article{zeno,
author = {Misra,B.  and Sudarshan,E. C. G. },
title = {The Zeno’s paradox in quantum theory},
journal = {Journal of Mathematical Physics},
volume = {18},
number = {4},
pages = {756-763},
year = {1977},
doi = {10.1063/1.523304},

URL = { 
        https://doi.org/10.1063/1.523304
    
},
eprint = { 
        https://doi.org/10.1063/1.523304
    
}

}

@article{Elitzur_1993,
   title={Quantum mechanical interaction-free measurements},
   volume={23},
   ISSN={1572-9516},
   url={http://dx.doi.org/10.1007/BF00736012},
   DOI={10.1007/bf00736012},
   number={7},
   journal={Foundations of Physics},
   publisher={Springer Science and Business Media LLC},
   author={Elitzur, Avshalom C. and Vaidman, Lev},
   year={1993},
   month={Jul},
   pages={987–997}
}

