
%%%% BACKGROUND OF QUANTUM / REVIEW ARTICLES %%%%%

@article{buluta2009quantum,
  title={Quantum simulators},
  author={Buluta, Iulia and Nori, Franco},
  journal={Science},
  volume={326},
  number={5949},
  pages={108--111},
  year={2009},
  publisher={American Association for the Advancement of Science}
}

@article{devoret2013superconducting,
  title={Superconducting circuits for quantum information: an outlook},
  author={Devoret, Michel H and Schoelkopf, Robert J},
  journal={Science},
  volume={339},
  number={6124},
  pages={1169--1174},
  year={2013},
  publisher={American Association for the Advancement of Science}
}

@article{houck2012chip,
  title={On-chip quantum simulation with superconducting circuits},
  author={Houck, Andrew A and T{\"u}reci, Hakan E and Koch, Jens},
  journal={Nature Physics},
  volume={8},
  number={4},
  pages={292--299},
  year={2012},
  publisher={Nature Publishing Group}
}

@book{akama2015elements,
  title={Elements of quantum computing},
  author={Akama, Seiki},
  year={2015},
  publisher={Springer}
}

@article{benioff1980computer,
  title={The computer as a physical system: A microscopic quantum mechanical Hamiltonian model of computers as represented by Turing machines},
  author={Benioff, Paul},
  journal={Journal of statistical physics},
  volume={22},
  number={5},
  pages={563--591},
  year={1980},
  publisher={Springer}
}

@article{feynman1982simulating,
  title={Simulating physics with computers},
  author={Feynman, Richard P},
  journal={Int. J. Theor. Phys},
  volume={21},
  number={6/7},
  year={1982}
}

@article{deutsch1985quantum,
  title={Quantum theory, the Church--Turing principle and the universal quantum computer},
  author={Deutsch, David},
  journal={Proceedings of the Royal Society of London. A. Mathematical and Physical Sciences},
  volume={400},
  number={1818},
  pages={97--117},
  year={1985},
  publisher={The Royal Society London}
}

@article{deutsch1995universality,
  title={Universality in quantum computation},
  author={Deutsch, David Elieser and Barenco, Adriano and Ekert, Artur},
  journal={Proceedings of the Royal Society of London. Series A: Mathematical and Physical Sciences},
  volume={449},
  number={1937},
  pages={669--677},
  year={1995},
  publisher={The Royal Society London}
}

@article{bernstein1997quantum,
  title={Quantum complexity theory},
  author={Bernstein, Ethan and Vazirani, Umesh},
  journal={SIAM Journal on computing},
  volume={26},
  number={5},
  pages={1411--1473},
  year={1997},
  publisher={SIAM}
}

@article{shor1999polynomial,
  title={Polynomial-time algorithms for prime factorization and discrete logarithms on a quantum computer},
  author={Shor, Peter W},
  journal={SIAM review},
  volume={41},
  number={2},
  pages={303--332},
  year={1999},
  publisher={SIAM}
}

@inproceedings{grover1996fast,
  title={A fast quantum mechanical algorithm for database search},
  author={Grover, Lov K},
  booktitle={Proceedings of the twenty-eighth annual ACM symposium on Theory of computing},
  pages={212--219},
  year={1996}
}


%%%% SUPERCONDUCTIVITY %%%%


%%%% JOSEPHSON JUNCTION GENERAL %%%%

@article{simmons1963generalized,
  title={Generalized formula for the electric tunnel effect between similar electrodes separated by a thin insulating film},
  author={Simmons, John G},
  journal={Journal of applied physics},
  volume={34},
  number={6},
  pages={1793--1803},
  year={1963},
  publisher={American Institute of Physics}
}

%%%% JJ INSULATOR %%%%

%%%% JJ SEMICONDUCTOR %%%%

@article{rokhinson2012fractional,
  title={The fractional ac Josephson effect in a semiconductor--superconductor nanowire as a signature of Majorana particles},
  author={Rokhinson, Leonid P and Liu, Xinyu and Furdyna, Jacek K},
  journal={Nature Physics},
  volume={8},
  number={11},
  pages={795--799},
  year={2012},
  publisher={Nature Publishing Group}
}

@article{kroger1989superconductor,
  title={Superconductor-semiconductor hybrid devices, circuits, and systems},
  author={Kroger, Harry and Hilbert, Claude and Gibson, David Arthur and Ghoshal, UTTAM and Smith, Larry N},
  journal={Proceedings of the IEEE},
  volume={77},
  number={8},
  pages={1287--1301},
  year={1989},
  publisher={IEEE}
}

@article{hays2018direct,
  title={Direct microwave measurement of andreev-bound-state dynamics in a semiconductor-nanowire josephson junction},
  author={Hays, M and De Lange, G and Serniak, K and Van Woerkom, DJ and Bouman, D and Krogstrup, P and Nyg{\aa}rd, J and Geresdi, A and Devoret, MH},
  journal={Physical Review Letters},
  volume={121},
  number={4},
  pages={047001},
  year={2018},
  publisher={APS}
}


%%%% SQUID %%%%


%%%% SFQ %%%%


%%%% RESONATORS %%%%


%%%% QUBIT AND MULTI QUBIT %%%%


%%%% QISKIT %%%%



